<?xml version="1.0" encoding="UTF-8"?><collection xmlns="http://www.loc.gov/MARC21/slim"><record><leader>00401nam--2200133-i-4500</leader><controlfield tag="001">000035176</controlfield><controlfield tag="002">20161230</controlfield><controlfield tag="005">20161230201040</controlfield><controlfield tag="008">060222s1000------------r-----000-0-eng-d</controlfield><datafield ind1=" " ind2=" " tag="080"><subfield code="a">517.1(075.8):518.1(075.8):621.039.5(075.8)</subfield></datafield><datafield ind1=" " ind2=" " tag="100"><subfield code="a">Pavelescu, Margarit</subfield></datafield><datafield ind1=" " ind2=" " tag="245"><subfield code="a">Analiza numerica pentru reactori nucleari</subfield></datafield><datafield ind1=" " ind2=" " tag="260"><subfield code="a">Bucuresti, Ed.Acad.Republicii Socialiste Romania, 1974, 357p</subfield></datafield><datafield ind1=" " ind2=" " tag="852"><subfield code="a">40906</subfield></datafield></record></collection>